<collection xmlns="http://www.loc.gov/MARC21/slim">
<record>
  <leader>01586nam0a22002891i 450 </leader>
  <controlfield tag="001">IT\ICCU\CNCE\064653</controlfield>
  <controlfield tag="005">20131125000000.0</controlfield>
  <datafield tag="012" ind1=" " ind2=" ">
    <subfield code="a">a-um eme- taed eme, (C) 1574 (R)</subfield>
    <subfield code="2">fei</subfield>
  </datafield>
  <datafield tag="100" ind1=" " ind2=" ">
    <subfield code="a">20060531d1574        0itac0103    ba</subfield>
  </datafield>
  <datafield tag="101" ind1=" " ind2=" ">
    <subfield code="a">LAT</subfield>
  </datafield>
  <datafield tag="102" ind1=" " ind2=" ">
    <subfield code="a">IT</subfield>
  </datafield>
  <datafield tag="200" ind1="1" ind2=" ">
    <subfield code="a">Felicissimi aduentus Henrici Galliarum, et Poloniae regis christianissimi, et augustissimi ad vrbem Venetam breuissima, ac facillima descriptio: et rerum memorabilium, quae factae sunt, commemoratio. Authore Ioanne Planerio Quintiano Brixiensi artium et medicinae doctore</subfield>
  </datafield>
  <datafield tag="210" ind1=" " ind2=" ">
    <subfield code="a">Venetijs</subfield>
    <subfield code="c">apud Iacobum Vitalem</subfield>
    <subfield code="d">1574</subfield>
  </datafield>
  <datafield tag="215" ind1=" " ind2=" ">
    <subfield code="a">\8! c.</subfield>
    <subfield code="c">1 ritr.</subfield>
    <subfield code="d">4ʻ</subfield>
  </datafield>
  <datafield tag="620" ind1=" " ind2=" ">
    <subfield code="a">IT</subfield>
    <subfield code="d">Venezia</subfield>
  </datafield>
  <datafield tag="700" ind1=" " ind2="1">
    <subfield code="a">Pianeri,</subfield>
    <subfield code="b">Giovanni</subfield>
    <subfield code="3">IT\ICCU\CNCA\011152</subfield>
  </datafield>
  <datafield tag="712" ind1="0" ind2="0">
    <subfield code="a">Vidali, Giacomo</subfield>
    <subfield code="3">IT\ICCU\CNCT\000533</subfield>
    <subfield code="4">650</subfield>
  </datafield>
  <datafield tag="790" ind1=" " ind2="1">
    <subfield code="a">Planerio,</subfield>
    <subfield code="b">Giovanni</subfield>
    <subfield code="3">IT\ICCU\CNCA\017925</subfield>
    <subfield code="z">Pianeri, Giovanni</subfield>
  </datafield>
  <datafield tag="790" ind1=" " ind2="1">
    <subfield code="a">Pianero,</subfield>
    <subfield code="b">Giovanni</subfield>
    <subfield code="3">IT\ICCU\CNCA\021905</subfield>
    <subfield code="z">Pianeri, Giovanni</subfield>
  </datafield>
  <datafield tag="791" ind1="0" ind2="0">
    <subfield code="a">Vitalis, Iacobus</subfield>
    <subfield code="3">IT\ICCU\CNCT\002944</subfield>
    <subfield code="z">Vidali, Giacomo</subfield>
  </datafield>
  <datafield tag="791" ind1="0" ind2="0">
    <subfield code="a">Vitalibus, Iacobus de</subfield>
    <subfield code="3">IT\ICCU\CNCT\005882</subfield>
    <subfield code="z">Vidali, Giacomo</subfield>
  </datafield>
  <datafield tag="801" ind1=" " ind2="3">
    <subfield code="a">IT</subfield>
    <subfield code="b">ICCU</subfield>
    <subfield code="c">20201115</subfield>
  </datafield>
  <datafield tag="899" ind1=" " ind2=" ">
    <subfield code="a">Biblioteca universitaria Alessandrina. Roma</subfield>
    <subfield code="1">RM0280</subfield>
    <subfield code="2">RML 01</subfield>
  </datafield>
  <datafield tag="899" ind1=" " ind2=" ">
    <subfield code="a">Biblioteca dell&apos;Accademia nazionale dei Lincei e Corsiniana. Roma</subfield>
    <subfield code="1">RM0418</subfield>
    <subfield code="2">RML 10</subfield>
  </datafield>
  <datafield tag="899" ind1=" " ind2=" ">
    <subfield code="a">Biblioteca nazionale Marciana. Venezia</subfield>
    <subfield code="1">VE0049</subfield>
    <subfield code="2">VEA BM</subfield>
  </datafield>
  <datafield tag="911" ind1=" " ind2=" ">
    <subfield code="a">Sul front.</subfield>
    <subfield code="9">IT\ICCU\CNCM\000536</subfield>
  </datafield>
  <datafield tag="921" ind1=" " ind2=" ">
    <subfield code="a">IT\ICCU\CNCM\000536</subfield>
    <subfield code="b">Fama (donna alata con un piede sul globo suona una tromba).</subfield>
    <subfield code="e">Io volo al ciel per riposarmi in Dio</subfield>
    <subfield code="c">Z510</subfield>
    <subfield code="d">Dimensioni: 6,4 x 7,2</subfield>
    <subfield code="f">FAMA</subfield>
    <subfield code="f">GLOBO</subfield>
    <subfield code="f">IOVOLOALCI</subfield>
    <subfield code="f">TROMBA</subfield>
    <subfield code="g">1560-1582</subfield>
  </datafield>
</record>
</collection>
